@article{Kalman1960,
    Author = {Kalman, Rudolph Emil},
    Title = {A New Approach to Linear Filtering and Prediction Problems},
    Journal = {Transactions of the ASME--Journal of Basic Engineering},
    Volume = {82},
    Number = {Series D},
    Pages = {35--45},
    Year = {1960}
}

%daedalus technical report
@article{rossi2021daedalus,
  title={DAEDALUS-Descent And Exploration in Deep Autonomy of Lava Underground Structures: Open Space Innovation Platform (OSIP) Lunar Caves-System Study},
  author={Rossi, Angelo Pio and Maurelli, Francesco and Unnithan, Vikram and Dreger, Hendrik and Mathewos, Kedus and Pradhan, Nayan and Corbeanu, Dan-Andrei and Pozzobon, Riccardo and Massironi, Matteo and Ferrari, Sabrina and others},
  year={2021}
}
%madgwick filter
@article{madgwick2010,
  title={An efficient orientation filter for inertial and inertial/magnetic sensor arrays},
  author={Madgwick, Sebastian},
  journal={Report x-io and University of Bristol (UK)},
  volume={25},
  pages={113--118},
  year={2010}
}
%complementary filter
@inproceedings{mahony2005complementary,
  title={Complementary filter design on the special orthogonal group SO (3)},
  author={Mahony, Robert and Hamel, Tarek and Pflimlin, J-M},
  booktitle={Proceedings of the 44th IEEE Conference on Decision and Control},
  pages={1477--1484},
  year={2005},
  organization={IEEE}
}

@article{kok2017IMU,
  title={Using inertial sensors for position and orientation estimation},
  author={Kok, Manon and Hol, Jeroen D and Sch{\"o}n, Thomas B},
  journal={arXiv preprint arXiv:1704.06053},
  year={2017}
}

@article{valencia2017simpleIMU,
  title={A simple method to estimate the trajectory of a low cost mobile robotic platform using an IMU},
  author={Valencia, J-S Botero and Garcia, M Rico and Ceballos, J-P Villegas},
  journal={International Journal on Interactive Design and Manufacturing (IJIDeM)},
  volume={11},
  number={4},
  pages={823--828},
  year={2017},
  publisher={Springer}
}

@book{dam1998quaternions,
  title={Quaternions, interpolation and animation},
  author={Dam, Erik B and Koch, Martin and Lillholm, Martin},
  volume={2},
  year={1998},
  publisher={Citeseer}
}

@misc{FastInvSqrt,
  title = {Origin of Quake3's Fast InvSqrt()},
  howpublished = {\url{beyond3d.com/content/articles/8/}},
  note = {Accessed: 2021-05-01}
}

@inproceedings{kuffner2004effectiveDistance,
  title={Effective sampling and distance metrics for 3D rigid body path planning},
  author={Kuffner, James J},
  booktitle={IEEE International Conference on Robotics and Automation, 2004. Proceedings. ICRA'04. 2004},
  volume={4},
  pages={3993--3998},
  year={2004},
  organization={IEEE}
}

@article{dornaika1998calibration,
  title={Simultaneous robot-world and hand-eye calibration},
  author={Dornaika, Fadi and Horaud, Radu},
  journal={IEEE transactions on Robotics and Automation},
  volume={14},
  number={4},
  pages={617--622},
  year={1998},
  publisher={IEEE}
}

@Inbook{Hertzberg2012,
author="Hertzberg, Joachim
and Lingemann, Kai
and N{\"u}chter, Andreas",
title="Mobile Roboter: Eine Einf{\"u}hrung aus Sicht der Informatik",
year="2012",
publisher="Springer Berlin Heidelberg",
address="Berlin, Heidelberg",
pages="145",
abstract="Unter der Bezeichnung â€žRoboter`` werden, gerade in der Industrie, oftmals station{\"a}re Manipulatoren verstanden, wie beispielhaft in Abbildung 4.1 dargestellt. Wie eingangs erw{\"a}hnt, liegen sie, wenn und soweit sie in offener Steuerung betrieben werden, nicht im Thema dieses Buches. Ob dasselbe St{\"u}ck Robotermechatronik in offener Steuerung oder geschlossener Regelung betrieben wird, h{\"a}ngt jedoch von der verwendeten Sensorik und der Kontrollsoftware ab, nicht von den mechanischen Komponenten. Mobile Roboter mit Manipulator- Komponenten wie in Abbildung 4.1, die in geschlossenen Regelungen laufen, werden sicherlich in der Zukunft an Bedeutung erheblich gewinnen.",
isbn="978-3-642-01726-1",
doi="10.1007/978-3-642-01726-1_4",
url="https://doi.org/10.1007/978-3-642-01726-1_4"
}